@article{origarticle,
  title={The comparisons of data mining techniques for the predictive accuracy of probability of default of credit card clients},
  author={Yeh, I-Cheng and Lien, Che-hui},
  journal={Expert Systems with Applications},
  volume={36},
  number={2},
  pages={2473--2480},
  year={2009},
  publisher={Elsevier}
}


@misc{UCI,
  title = { {Default of credit card clients Data Set}},
  author = {UCI Machine Learning Repository},
  howpublished = {\url{https://archive.ics.uci.edu/ml/datasets/default+of+credit+card+clients}},
  note = {Retrieved: 08-10-2019}
}

@misc{morten_NN,
 title={{Neural networks, from simple perceptron to deep learning}},
 author={Hjorth-Jensen, Morten},
 year={2019},
 publisher={University of Oslo},
 series={Data Analysis and Machine Learning},
 howpublished={\url{https://compphysics.github.io/MachineLearning/doc/pub/NeuralNet/pdf/NeuralNet-minted.pdf}},
 note={Retrieved: 07-11-2019},
}

@book{hastie,
  title={The Elements of Statistical Learning},
  author={Hastie, Trevor and Friedman, Jerome and Tibshirani},
  volume={27},
  number={2},
   year={2005},
    publisher={Springer series in statistics New York}
}


@inproceedings{sklearn_api,
  author    = {Lars Buitinck and Gilles Louppe and Mathieu Blondel and
               Fabian Pedregosa and Andreas Mueller and Olivier Grisel and
               Vlad Niculae and Peter Prettenhofer and Alexandre Gramfort
               and Jaques Grobler and Robert Layton and Jake VanderPlas and
               Arnaud Joly and Brian Holt and Ga{\"{e}}l Varoquaux},
  title     = {{API} design for machine learning software: experiences from the scikit-learn
               project},
  booktitle = {ECML PKDD Workshop: Languages for Data Mining and Machine Learning},
  year      = {2013},
  pages = {108--122},
}

@inbook{ML_algo,
  author={Marsland, Stephen},
  title={Machine Learning: An Algorithmic Perspective, Second Edition},
  year={2014},
  pages={71--107},
  publisher={Chapman and Hall/CRC}
}

@book{regpaper,
  author={Lotsberg, Bernhard Nornes and Nguyen, Anh-Nguyet Lise},
  title={{ Project 1: Regression analysis and resampling methods}},
  series={{FYS-STK3155/4155 Applied Data Analysis and Machine Learning}},
  year={2019},
}

@article{bergstra2012random,
  title={Random search for hyper-parameter optimization},
  author={Bergstra, James and Bengio, Yoshua},
  journal={Journal of Machine Learning Research},
  volume={13},
  number={Feb},
  pages={281--305},
  year={2012}
}
